@article{FFA23,
   author={Geoffrey Hinton},
   title={The Forward-Forward Algorithm: Some Preliminary Investigations},
   url={https://www.cs.toronto.edu/~hinton/FFA13.pdf},
   year={2023},
}
